@Manual{R-base,
  title = {R: A Language and Environment for Statistical Computing},
  author = {{R Core Team}},
  organization = {R Foundation for Statistical Computing},
  address = {Vienna, Austria},
  year = {2024},
  url = {https://www.R-project.org/},
}
@Manual{R-binom,
  title = {binom: Binomial Confidence Intervals for Several Parameterizations},
  author = {Sundar Dorai-Raj},
  year = {2022},
  note = {R package version 1.1-1.1},
  url = {https://CRAN.R-project.org/package=binom},
}
@Manual{R-dplyr,
  title = {dplyr: A Grammar of Data Manipulation},
  author = {Hadley Wickham and Romain François and Lionel Henry and Kirill Müller and Davis Vaughan},
  year = {2023},
  note = {R package version 1.1.4},
  url = {https://CRAN.R-project.org/package=dplyr},
}
@Manual{R-faux,
  title = {faux: Simulation for Factorial Designs},
  author = {Lisa DeBruine},
  doi = {10.5281/zenodo.2669586},
  publisher = {Zenodo},
  year = {2023},
  note = {R package version 1.2.1},
  url = {https://debruine.github.io/faux/},
}
@Manual{R-forcats,
  title = {forcats: Tools for Working with Categorical Variables (Factors)},
  author = {Hadley Wickham},
  year = {2023},
  note = {R package version 1.0.0, 
https://github.com/tidyverse/forcats},
  url = {https://forcats.tidyverse.org/},
}
@Manual{R-furrr,
  title = {furrr: Apply Mapping Functions in Parallel using Futures},
  author = {Davis Vaughan and Matt Dancho},
  year = {2022},
  note = {R package version 0.3.1},
  url = {https://CRAN.R-project.org/package=furrr},
}
@Article{R-RJ-2021-048,
  author = {Henrik Bengtsson},
  title = {A Unifying Framework for Parallel and Distributed Processing in R using Futures},
  year = {2021},
  journal = {The R Journal},
  doi = {10.32614/RJ-2021-048},
  url = {https://doi.org/10.32614/RJ-2021-048},
  pages = {208--227},
  volume = {13},
  number = {2},
}
@Book{R-ggplot2,
  author = {Hadley Wickham},
  title = {ggplot2: Elegant Graphics for Data Analysis},
  publisher = {Springer-Verlag New York},
  year = {2016},
  isbn = {978-3-319-24277-4},
  url = {https://ggplot2.tidyverse.org},
}
@Article{R-lme4,
  title = {Fitting Linear Mixed-Effects Models Using {lme4}},
  author = {Douglas Bates and Martin M{\"a}chler and Ben Bolker and Steve Walker},
  journal = {Journal of Statistical Software},
  year = {2015},
  volume = {67},
  number = {1},
  pages = {1--48},
  doi = {10.18637/jss.v067.i01},
}
@Article{R-lubridate,
  title = {Dates and Times Made Easy with {lubridate}},
  author = {Garrett Grolemund and Hadley Wickham},
  journal = {Journal of Statistical Software},
  year = {2011},
  volume = {40},
  number = {3},
  pages = {1--25},
  url = {https://www.jstatsoft.org/v40/i03/},
}
@Manual{R-marginaleffects,
  title = {marginaleffects: Predictions, Comparisons, Slopes, Marginal Means, and Hypothesis
Tests},
  author = {Vincent Arel-Bundock},
  year = {2024},
  note = {R package version 0.18.0},
  url = {https://marginaleffects.com/},
}
@Book{R-MASS,
  title = {Modern Applied Statistics with S},
  author = {W. N. Venables and B. D. Ripley},
  publisher = {Springer},
  edition = {Fourth},
  address = {New York},
  year = {2002},
  note = {ISBN 0-387-95457-0},
  url = {https://www.stats.ox.ac.uk/pub/MASS4/},
}
@Manual{R-Matrix,
  title = {Matrix: Sparse and Dense Matrix Classes and Methods},
  author = {Douglas Bates and Martin Maechler and Mikael Jagan},
  year = {2024},
  note = {R package version 1.6-5},
  url = {https://CRAN.R-project.org/package=Matrix},
}
@Article{R-multcomp,
  title = {Simultaneous Inference in General Parametric Models},
  author = {Torsten Hothorn and Frank Bretz and Peter Westfall},
  journal = {Biometrical Journal},
  year = {2008},
  volume = {50},
  number = {3},
  pages = {346--363},
}
@Book{R-mvtnorm,
  title = {Computation of Multivariate Normal and t Probabilities},
  author = {Alan Genz and Frank Bretz},
  series = {Lecture Notes in Statistics},
  year = {2009},
  publisher = {Springer-Verlag},
  address = {Heidelberg},
  isbn = {978-3-642-01688-2},
}
@Manual{R-papaja,
  title = {{papaja}: {Prepare} reproducible {APA} journal articles with {R Markdown}},
  author = {Frederik Aust and Marius Barth},
  year = {2023},
  note = {R package version 0.1.2},
  url = {https://github.com/crsh/papaja},
}
@Manual{R-purrr,
  title = {purrr: Functional Programming Tools},
  author = {Hadley Wickham and Lionel Henry},
  year = {2023},
  note = {R package version 1.0.2},
  url = {https://CRAN.R-project.org/package=purrr},
}
@Manual{R-readr,
  title = {readr: Read Rectangular Text Data},
  author = {Hadley Wickham and Jim Hester and Jennifer Bryan},
  year = {2024},
  note = {R package version 2.1.5, https://github.com/tidyverse/readr},
  url = {https://readr.tidyverse.org},
}
@Manual{R-stringr,
  title = {stringr: Simple, Consistent Wrappers for Common String Operations},
  author = {Hadley Wickham},
  year = {2023},
  note = {R package version 1.5.1},
  url = {https://CRAN.R-project.org/package=stringr},
}
@Book{R-survival-book,
  title = {Modeling Survival Data: Extending the {C}ox Model},
  author = {{Terry M. Therneau} and {Patricia M. Grambsch}},
  year = {2000},
  publisher = {Springer},
  address = {New York},
  isbn = {0-387-98784-3},
}
@Manual{R-TH.data,
  title = {TH.data: TH's Data Archive},
  author = {Torsten Hothorn},
  year = {2023},
  note = {R package version 1.1-2},
  url = {https://CRAN.R-project.org/package=TH.data},
}
@Manual{R-tibble,
  title = {tibble: Simple Data Frames},
  author = {Kirill Müller and Hadley Wickham},
  year = {2023},
  note = {R package version 3.2.1},
  url = {https://CRAN.R-project.org/package=tibble},
}
@Manual{R-tidyr,
  title = {tidyr: Tidy Messy Data},
  author = {Hadley Wickham and Davis Vaughan and Maximilian Girlich},
  year = {2024},
  note = {R package version 1.3.1},
  url = {https://CRAN.R-project.org/package=tidyr},
}
@Article{R-tidyverse,
  title = {Welcome to the {tidyverse}},
  author = {Hadley Wickham and Mara Averick and Jennifer Bryan and Winston Chang and Lucy D'Agostino McGowan and Romain François and Garrett Grolemund and Alex Hayes and Lionel Henry and Jim Hester and Max Kuhn and Thomas Lin Pedersen and Evan Miller and Stephan Milton Bache and Kirill Müller and Jeroen Ooms and David Robinson and Dana Paige Seidel and Vitalie Spinu and Kohske Takahashi and Davis Vaughan and Claus Wilke and Kara Woo and Hiroaki Yutani},
  year = {2019},
  journal = {Journal of Open Source Software},
  volume = {4},
  number = {43},
  pages = {1686},
  doi = {10.21105/joss.01686},
}
@Manual{R-tinylabels,
  title = {{tinylabels}: Lightweight Variable Labels},
  author = {Marius Barth},
  year = {2023},
  note = {R package version 0.2.4},
  url = {https://cran.r-project.org/package=tinylabels},
}
@Article{R-RJ-2021-048,
  author = {Henrik Bengtsson},
  title = {A Unifying Framework for Parallel and Distributed Processing in R using Futures},
  year = {2021},
  journal = {The R Journal},
  doi = {10.32614/RJ-2021-048},
  url = {https://doi.org/10.32614/RJ-2021-048},
  pages = {208--227},
  volume = {13},
  number = {2},
}
@Article{R-RJ-2021-048,
  author = {Henrik Bengtsson},
  title = {A Unifying Framework for Parallel and Distributed Processing in R using Futures},
  year = {2021},
  journal = {The R Journal},
  doi = {10.32614/RJ-2021-048},
  url = {https://doi.org/10.32614/RJ-2021-048},
  pages = {208--227},
  volume = {13},
  number = {2},
}
@Article{R-RJ-2021-048,
  author = {Henrik Bengtsson},
  title = {A Unifying Framework for Parallel and Distributed Processing in R using Futures},
  year = {2021},
  journal = {The R Journal},
  doi = {10.32614/RJ-2021-048},
  url = {https://doi.org/10.32614/RJ-2021-048},
  pages = {208--227},
  volume = {13},
  number = {2},
}
@Article{R-RJ-2021-048,
  author = {Henrik Bengtsson},
  title = {A Unifying Framework for Parallel and Distributed Processing in R using Futures},
  year = {2021},
  journal = {The R Journal},
  doi = {10.32614/RJ-2021-048},
  url = {https://doi.org/10.32614/RJ-2021-048},
  pages = {208--227},
  volume = {13},
  number = {2},
}
@Article{R-RJ-2021-048,
  author = {Henrik Bengtsson},
  title = {A Unifying Framework for Parallel and Distributed Processing in R using Futures},
  year = {2021},
  journal = {The R Journal},
  doi = {10.32614/RJ-2021-048},
  url = {https://doi.org/10.32614/RJ-2021-048},
  pages = {208--227},
  volume = {13},
  number = {2},
}
@Article{R-RJ-2021-048,
  author = {Henrik Bengtsson},
  title = {A Unifying Framework for Parallel and Distributed Processing in R using Futures},
  year = {2021},
  journal = {The R Journal},
  doi = {10.32614/RJ-2021-048},
  url = {https://doi.org/10.32614/RJ-2021-048},
  pages = {208--227},
  volume = {13},
  number = {2},
}
@Article{R-RJ-2021-048,
  author = {Henrik Bengtsson},
  title = {A Unifying Framework for Parallel and Distributed Processing in R using Futures},
  year = {2021},
  journal = {The R Journal},
  doi = {10.32614/RJ-2021-048},
  url = {https://doi.org/10.32614/RJ-2021-048},
  pages = {208--227},
  volume = {13},
  number = {2},
}
@Article{R-RJ-2021-048,
  author = {Henrik Bengtsson},
  title = {A Unifying Framework for Parallel and Distributed Processing in R using Futures},
  year = {2021},
  journal = {The R Journal},
  doi = {10.32614/RJ-2021-048},
  url = {https://doi.org/10.32614/RJ-2021-048},
  pages = {208--227},
  volume = {13},
  number = {2},
}
@Article{R-RJ-2021-048,
  author = {Henrik Bengtsson},
  title = {A Unifying Framework for Parallel and Distributed Processing in R using Futures},
  year = {2021},
  journal = {The R Journal},
  doi = {10.32614/RJ-2021-048},
  url = {https://doi.org/10.32614/RJ-2021-048},
  pages = {208--227},
  volume = {13},
  number = {2},
}
@Article{R-RJ-2021-048,
  author = {Henrik Bengtsson},
  title = {A Unifying Framework for Parallel and Distributed Processing in R using Futures},
  year = {2021},
  journal = {The R Journal},
  doi = {10.32614/RJ-2021-048},
  url = {https://doi.org/10.32614/RJ-2021-048},
  pages = {208--227},
  volume = {13},
  number = {2},
}
@Article{R-RJ-2021-048,
  author = {Henrik Bengtsson},
  title = {A Unifying Framework for Parallel and Distributed Processing in R using Futures},
  year = {2021},
  journal = {The R Journal},
  doi = {10.32614/RJ-2021-048},
  url = {https://doi.org/10.32614/RJ-2021-048},
  pages = {208--227},
  volume = {13},
  number = {2},
}
@Article{R-RJ-2021-048,
  author = {Henrik Bengtsson},
  title = {A Unifying Framework for Parallel and Distributed Processing in R using Futures},
  year = {2021},
  journal = {The R Journal},
  doi = {10.32614/RJ-2021-048},
  url = {https://doi.org/10.32614/RJ-2021-048},
  pages = {208--227},
  volume = {13},
  number = {2},
}
@Article{R-RJ-2021-048,
  author = {Henrik Bengtsson},
  title = {A Unifying Framework for Parallel and Distributed Processing in R using Futures},
  year = {2021},
  journal = {The R Journal},
  doi = {10.32614/RJ-2021-048},
  url = {https://doi.org/10.32614/RJ-2021-048},
  pages = {208--227},
  volume = {13},
  number = {2},
}
@Article{R-RJ-2021-048,
  author = {Henrik Bengtsson},
  title = {A Unifying Framework for Parallel and Distributed Processing in R using Futures},
  year = {2021},
  journal = {The R Journal},
  doi = {10.32614/RJ-2021-048},
  url = {https://doi.org/10.32614/RJ-2021-048},
  pages = {208--227},
  volume = {13},
  number = {2},
}
@Article{R-RJ-2021-048,
  author = {Henrik Bengtsson},
  title = {A Unifying Framework for Parallel and Distributed Processing in R using Futures},
  year = {2021},
  journal = {The R Journal},
  doi = {10.32614/RJ-2021-048},
  url = {https://doi.org/10.32614/RJ-2021-048},
  pages = {208--227},
  volume = {13},
  number = {2},
}
@Article{R-RJ-2021-048,
  author = {Henrik Bengtsson},
  title = {A Unifying Framework for Parallel and Distributed Processing in R using Futures},
  year = {2021},
  journal = {The R Journal},
  doi = {10.32614/RJ-2021-048},
  url = {https://doi.org/10.32614/RJ-2021-048},
  pages = {208--227},
  volume = {13},
  number = {2},
}
@Article{R-RJ-2021-048,
  author = {Henrik Bengtsson},
  title = {A Unifying Framework for Parallel and Distributed Processing in R using Futures},
  year = {2021},
  journal = {The R Journal},
  doi = {10.32614/RJ-2021-048},
  url = {https://doi.org/10.32614/RJ-2021-048},
  pages = {208--227},
  volume = {13},
  number = {2},
}
@Article{R-RJ-2021-048,
  author = {Henrik Bengtsson},
  title = {A Unifying Framework for Parallel and Distributed Processing in R using Futures},
  year = {2021},
  journal = {The R Journal},
  doi = {10.32614/RJ-2021-048},
  url = {https://doi.org/10.32614/RJ-2021-048},
  pages = {208--227},
  volume = {13},
  number = {2},
}
@Article{R-RJ-2021-048,
  author = {Henrik Bengtsson},
  title = {A Unifying Framework for Parallel and Distributed Processing in R using Futures},
  year = {2021},
  journal = {The R Journal},
  doi = {10.32614/RJ-2021-048},
  url = {https://doi.org/10.32614/RJ-2021-048},
  pages = {208--227},
  volume = {13},
  number = {2},
}
@Article{R-RJ-2021-048,
  author = {Henrik Bengtsson},
  title = {A Unifying Framework for Parallel and Distributed Processing in R using Futures},
  year = {2021},
  journal = {The R Journal},
  doi = {10.32614/RJ-2021-048},
  url = {https://doi.org/10.32614/RJ-2021-048},
  pages = {208--227},
  volume = {13},
  number = {2},
}
@Article{R-RJ-2021-048,
  author = {Henrik Bengtsson},
  title = {A Unifying Framework for Parallel and Distributed Processing in R using Futures},
  year = {2021},
  journal = {The R Journal},
  doi = {10.32614/RJ-2021-048},
  url = {https://doi.org/10.32614/RJ-2021-048},
  pages = {208--227},
  volume = {13},
  number = {2},
}
@Article{R-RJ-2021-048,
  author = {Henrik Bengtsson},
  title = {A Unifying Framework for Parallel and Distributed Processing in R using Futures},
  year = {2021},
  journal = {The R Journal},
  doi = {10.32614/RJ-2021-048},
  url = {https://doi.org/10.32614/RJ-2021-048},
  pages = {208--227},
  volume = {13},
  number = {2},
}
@Article{R-RJ-2021-048,
  author = {Henrik Bengtsson},
  title = {A Unifying Framework for Parallel and Distributed Processing in R using Futures},
  year = {2021},
  journal = {The R Journal},
  doi = {10.32614/RJ-2021-048},
  url = {https://doi.org/10.32614/RJ-2021-048},
  pages = {208--227},
  volume = {13},
  number = {2},
}
@Article{R-RJ-2021-048,
  author = {Henrik Bengtsson},
  title = {A Unifying Framework for Parallel and Distributed Processing in R using Futures},
  year = {2021},
  journal = {The R Journal},
  doi = {10.32614/RJ-2021-048},
  url = {https://doi.org/10.32614/RJ-2021-048},
  pages = {208--227},
  volume = {13},
  number = {2},
}
@Article{R-RJ-2021-048,
  author = {Henrik Bengtsson},
  title = {A Unifying Framework for Parallel and Distributed Processing in R using Futures},
  year = {2021},
  journal = {The R Journal},
  doi = {10.32614/RJ-2021-048},
  url = {https://doi.org/10.32614/RJ-2021-048},
  pages = {208--227},
  volume = {13},
  number = {2},
}
@Article{R-RJ-2021-048,
  author = {Henrik Bengtsson},
  title = {A Unifying Framework for Parallel and Distributed Processing in R using Futures},
  year = {2021},
  journal = {The R Journal},
  doi = {10.32614/RJ-2021-048},
  url = {https://doi.org/10.32614/RJ-2021-048},
  pages = {208--227},
  volume = {13},
  number = {2},
}
@Article{R-RJ-2021-048,
  author = {Henrik Bengtsson},
  title = {A Unifying Framework for Parallel and Distributed Processing in R using Futures},
  year = {2021},
  journal = {The R Journal},
  doi = {10.32614/RJ-2021-048},
  url = {https://doi.org/10.32614/RJ-2021-048},
  pages = {208--227},
  volume = {13},
  number = {2},
}
@Article{R-RJ-2021-048,
  author = {Henrik Bengtsson},
  title = {A Unifying Framework for Parallel and Distributed Processing in R using Futures},
  year = {2021},
  journal = {The R Journal},
  doi = {10.32614/RJ-2021-048},
  url = {https://doi.org/10.32614/RJ-2021-048},
  pages = {208--227},
  volume = {13},
  number = {2},
}
@Article{R-RJ-2021-048,
  author = {Henrik Bengtsson},
  title = {A Unifying Framework for Parallel and Distributed Processing in R using Futures},
  year = {2021},
  journal = {The R Journal},
  doi = {10.32614/RJ-2021-048},
  url = {https://doi.org/10.32614/RJ-2021-048},
  pages = {208--227},
  volume = {13},
  number = {2},
}
@Article{R-RJ-2021-048,
  author = {Henrik Bengtsson},
  title = {A Unifying Framework for Parallel and Distributed Processing in R using Futures},
  year = {2021},
  journal = {The R Journal},
  doi = {10.32614/RJ-2021-048},
  url = {https://doi.org/10.32614/RJ-2021-048},
  pages = {208--227},
  volume = {13},
  number = {2},
}
@Article{R-RJ-2021-048,
  author = {Henrik Bengtsson},
  title = {A Unifying Framework for Parallel and Distributed Processing in R using Futures},
  year = {2021},
  journal = {The R Journal},
  doi = {10.32614/RJ-2021-048},
  url = {https://doi.org/10.32614/RJ-2021-048},
  pages = {208--227},
  volume = {13},
  number = {2},
}
@Article{R-RJ-2021-048,
  author = {Henrik Bengtsson},
  title = {A Unifying Framework for Parallel and Distributed Processing in R using Futures},
  year = {2021},
  journal = {The R Journal},
  doi = {10.32614/RJ-2021-048},
  url = {https://doi.org/10.32614/RJ-2021-048},
  pages = {208--227},
  volume = {13},
  number = {2},
}
@Article{R-RJ-2021-048,
  author = {Henrik Bengtsson},
  title = {A Unifying Framework for Parallel and Distributed Processing in R using Futures},
  year = {2021},
  journal = {The R Journal},
  doi = {10.32614/RJ-2021-048},
  url = {https://doi.org/10.32614/RJ-2021-048},
  pages = {208--227},
  volume = {13},
  number = {2},
}
@Article{R-RJ-2021-048,
  author = {Henrik Bengtsson},
  title = {A Unifying Framework for Parallel and Distributed Processing in R using Futures},
  year = {2021},
  journal = {The R Journal},
  doi = {10.32614/RJ-2021-048},
  url = {https://doi.org/10.32614/RJ-2021-048},
  pages = {208--227},
  volume = {13},
  number = {2},
}
@Article{R-RJ-2021-048,
  author = {Henrik Bengtsson},
  title = {A Unifying Framework for Parallel and Distributed Processing in R using Futures},
  year = {2021},
  journal = {The R Journal},
  doi = {10.32614/RJ-2021-048},
  url = {https://doi.org/10.32614/RJ-2021-048},
  pages = {208--227},
  volume = {13},
  number = {2},
}
@Article{R-RJ-2021-048,
  author = {Henrik Bengtsson},
  title = {A Unifying Framework for Parallel and Distributed Processing in R using Futures},
  year = {2021},
  journal = {The R Journal},
  doi = {10.32614/RJ-2021-048},
  url = {https://doi.org/10.32614/RJ-2021-048},
  pages = {208--227},
  volume = {13},
  number = {2},
}
@Article{R-RJ-2021-048,
  author = {Henrik Bengtsson},
  title = {A Unifying Framework for Parallel and Distributed Processing in R using Futures},
  year = {2021},
  journal = {The R Journal},
  doi = {10.32614/RJ-2021-048},
  url = {https://doi.org/10.32614/RJ-2021-048},
  pages = {208--227},
  volume = {13},
  number = {2},
}
@Article{R-RJ-2021-048,
  author = {Henrik Bengtsson},
  title = {A Unifying Framework for Parallel and Distributed Processing in R using Futures},
  year = {2021},
  journal = {The R Journal},
  doi = {10.32614/RJ-2021-048},
  url = {https://doi.org/10.32614/RJ-2021-048},
  pages = {208--227},
  volume = {13},
  number = {2},
}
@Article{R-RJ-2021-048,
  author = {Henrik Bengtsson},
  title = {A Unifying Framework for Parallel and Distributed Processing in R using Futures},
  year = {2021},
  journal = {The R Journal},
  doi = {10.32614/RJ-2021-048},
  url = {https://doi.org/10.32614/RJ-2021-048},
  pages = {208--227},
  volume = {13},
  number = {2},
}
@Article{R-RJ-2021-048,
  author = {Henrik Bengtsson},
  title = {A Unifying Framework for Parallel and Distributed Processing in R using Futures},
  year = {2021},
  journal = {The R Journal},
  doi = {10.32614/RJ-2021-048},
  url = {https://doi.org/10.32614/RJ-2021-048},
  pages = {208--227},
  volume = {13},
  number = {2},
}
@Article{R-RJ-2021-048,
  author = {Henrik Bengtsson},
  title = {A Unifying Framework for Parallel and Distributed Processing in R using Futures},
  year = {2021},
  journal = {The R Journal},
  doi = {10.32614/RJ-2021-048},
  url = {https://doi.org/10.32614/RJ-2021-048},
  pages = {208--227},
  volume = {13},
  number = {2},
}
@Article{R-RJ-2021-048,
  author = {Henrik Bengtsson},
  title = {A Unifying Framework for Parallel and Distributed Processing in R using Futures},
  year = {2021},
  journal = {The R Journal},
  doi = {10.32614/RJ-2021-048},
  url = {https://doi.org/10.32614/RJ-2021-048},
  pages = {208--227},
  volume = {13},
  number = {2},
}
@Article{R-RJ-2021-048,
  author = {Henrik Bengtsson},
  title = {A Unifying Framework for Parallel and Distributed Processing in R using Futures},
  year = {2021},
  journal = {The R Journal},
  doi = {10.32614/RJ-2021-048},
  url = {https://doi.org/10.32614/RJ-2021-048},
  pages = {208--227},
  volume = {13},
  number = {2},
}
@Article{R-RJ-2021-048,
  author = {Henrik Bengtsson},
  title = {A Unifying Framework for Parallel and Distributed Processing in R using Futures},
  year = {2021},
  journal = {The R Journal},
  doi = {10.32614/RJ-2021-048},
  url = {https://doi.org/10.32614/RJ-2021-048},
  pages = {208--227},
  volume = {13},
  number = {2},
}
@Article{R-RJ-2021-048,
  author = {Henrik Bengtsson},
  title = {A Unifying Framework for Parallel and Distributed Processing in R using Futures},
  year = {2021},
  journal = {The R Journal},
  doi = {10.32614/RJ-2021-048},
  url = {https://doi.org/10.32614/RJ-2021-048},
  pages = {208--227},
  volume = {13},
  number = {2},
}
@Article{R-RJ-2021-048,
  author = {Henrik Bengtsson},
  title = {A Unifying Framework for Parallel and Distributed Processing in R using Futures},
  year = {2021},
  journal = {The R Journal},
  doi = {10.32614/RJ-2021-048},
  url = {https://doi.org/10.32614/RJ-2021-048},
  pages = {208--227},
  volume = {13},
  number = {2},
}
@Article{R-RJ-2021-048,
  author = {Henrik Bengtsson},
  title = {A Unifying Framework for Parallel and Distributed Processing in R using Futures},
  year = {2021},
  journal = {The R Journal},
  doi = {10.32614/RJ-2021-048},
  url = {https://doi.org/10.32614/RJ-2021-048},
  pages = {208--227},
  volume = {13},
  number = {2},
}
@Article{R-RJ-2021-048,
  author = {Henrik Bengtsson},
  title = {A Unifying Framework for Parallel and Distributed Processing in R using Futures},
  year = {2021},
  journal = {The R Journal},
  doi = {10.32614/RJ-2021-048},
  url = {https://doi.org/10.32614/RJ-2021-048},
  pages = {208--227},
  volume = {13},
  number = {2},
}
@Article{R-RJ-2021-048,
  author = {Henrik Bengtsson},
  title = {A Unifying Framework for Parallel and Distributed Processing in R using Futures},
  year = {2021},
  journal = {The R Journal},
  doi = {10.32614/RJ-2021-048},
  url = {https://doi.org/10.32614/RJ-2021-048},
  pages = {208--227},
  volume = {13},
  number = {2},
}
@Article{R-RJ-2021-048,
  author = {Henrik Bengtsson},
  title = {A Unifying Framework for Parallel and Distributed Processing in R using Futures},
  year = {2021},
  journal = {The R Journal},
  doi = {10.32614/RJ-2021-048},
  url = {https://doi.org/10.32614/RJ-2021-048},
  pages = {208--227},
  volume = {13},
  number = {2},
}
@Article{R-RJ-2021-048,
  author = {Henrik Bengtsson},
  title = {A Unifying Framework for Parallel and Distributed Processing in R using Futures},
  year = {2021},
  journal = {The R Journal},
  doi = {10.32614/RJ-2021-048},
  url = {https://doi.org/10.32614/RJ-2021-048},
  pages = {208--227},
  volume = {13},
  number = {2},
}
@Article{R-RJ-2021-048,
  author = {Henrik Bengtsson},
  title = {A Unifying Framework for Parallel and Distributed Processing in R using Futures},
  year = {2021},
  journal = {The R Journal},
  doi = {10.32614/RJ-2021-048},
  url = {https://doi.org/10.32614/RJ-2021-048},
  pages = {208--227},
  volume = {13},
  number = {2},
}
@Article{R-RJ-2021-048,
  author = {Henrik Bengtsson},
  title = {A Unifying Framework for Parallel and Distributed Processing in R using Futures},
  year = {2021},
  journal = {The R Journal},
  doi = {10.32614/RJ-2021-048},
  url = {https://doi.org/10.32614/RJ-2021-048},
  pages = {208--227},
  volume = {13},
  number = {2},
}
@Article{R-RJ-2021-048,
  author = {Henrik Bengtsson},
  title = {A Unifying Framework for Parallel and Distributed Processing in R using Futures},
  year = {2021},
  journal = {The R Journal},
  doi = {10.32614/RJ-2021-048},
  url = {https://doi.org/10.32614/RJ-2021-048},
  pages = {208--227},
  volume = {13},
  number = {2},
}
@Article{R-RJ-2021-048,
  author = {Henrik Bengtsson},
  title = {A Unifying Framework for Parallel and Distributed Processing in R using Futures},
  year = {2021},
  journal = {The R Journal},
  doi = {10.32614/RJ-2021-048},
  url = {https://doi.org/10.32614/RJ-2021-048},
  pages = {208--227},
  volume = {13},
  number = {2},
}
@Article{R-RJ-2021-048,
  author = {Henrik Bengtsson},
  title = {A Unifying Framework for Parallel and Distributed Processing in R using Futures},
  year = {2021},
  journal = {The R Journal},
  doi = {10.32614/RJ-2021-048},
  url = {https://doi.org/10.32614/RJ-2021-048},
  pages = {208--227},
  volume = {13},
  number = {2},
}
@Article{R-RJ-2021-048,
  author = {Henrik Bengtsson},
  title = {A Unifying Framework for Parallel and Distributed Processing in R using Futures},
  year = {2021},
  journal = {The R Journal},
  doi = {10.32614/RJ-2021-048},
  url = {https://doi.org/10.32614/RJ-2021-048},
  pages = {208--227},
  volume = {13},
  number = {2},
}
@Article{R-RJ-2021-048,
  author = {Henrik Bengtsson},
  title = {A Unifying Framework for Parallel and Distributed Processing in R using Futures},
  year = {2021},
  journal = {The R Journal},
  doi = {10.32614/RJ-2021-048},
  url = {https://doi.org/10.32614/RJ-2021-048},
  pages = {208--227},
  volume = {13},
  number = {2},
}
@Article{R-RJ-2021-048,
  author = {Henrik Bengtsson},
  title = {A Unifying Framework for Parallel and Distributed Processing in R using Futures},
  year = {2021},
  journal = {The R Journal},
  doi = {10.32614/RJ-2021-048},
  url = {https://doi.org/10.32614/RJ-2021-048},
  pages = {208--227},
  volume = {13},
  number = {2},
}
@Article{R-RJ-2021-048,
  author = {Henrik Bengtsson},
  title = {A Unifying Framework for Parallel and Distributed Processing in R using Futures},
  year = {2021},
  journal = {The R Journal},
  doi = {10.32614/RJ-2021-048},
  url = {https://doi.org/10.32614/RJ-2021-048},
  pages = {208--227},
  volume = {13},
  number = {2},
}
@Article{R-RJ-2021-048,
  author = {Henrik Bengtsson},
  title = {A Unifying Framework for Parallel and Distributed Processing in R using Futures},
  year = {2021},
  journal = {The R Journal},
  doi = {10.32614/RJ-2021-048},
  url = {https://doi.org/10.32614/RJ-2021-048},
  pages = {208--227},
  volume = {13},
  number = {2},
}
@Article{R-RJ-2021-048,
  author = {Henrik Bengtsson},
  title = {A Unifying Framework for Parallel and Distributed Processing in R using Futures},
  year = {2021},
  journal = {The R Journal},
  doi = {10.32614/RJ-2021-048},
  url = {https://doi.org/10.32614/RJ-2021-048},
  pages = {208--227},
  volume = {13},
  number = {2},
}
@Article{R-RJ-2021-048,
  author = {Henrik Bengtsson},
  title = {A Unifying Framework for Parallel and Distributed Processing in R using Futures},
  year = {2021},
  journal = {The R Journal},
  doi = {10.32614/RJ-2021-048},
  url = {https://doi.org/10.32614/RJ-2021-048},
  pages = {208--227},
  volume = {13},
  number = {2},
}
@Article{R-RJ-2021-048,
  author = {Henrik Bengtsson},
  title = {A Unifying Framework for Parallel and Distributed Processing in R using Futures},
  year = {2021},
  journal = {The R Journal},
  doi = {10.32614/RJ-2021-048},
  url = {https://doi.org/10.32614/RJ-2021-048},
  pages = {208--227},
  volume = {13},
  number = {2},
}
@Article{R-RJ-2021-048,
  author = {Henrik Bengtsson},
  title = {A Unifying Framework for Parallel and Distributed Processing in R using Futures},
  year = {2021},
  journal = {The R Journal},
  doi = {10.32614/RJ-2021-048},
  url = {https://doi.org/10.32614/RJ-2021-048},
  pages = {208--227},
  volume = {13},
  number = {2},
}
@Article{R-RJ-2021-048,
  author = {Henrik Bengtsson},
  title = {A Unifying Framework for Parallel and Distributed Processing in R using Futures},
  year = {2021},
  journal = {The R Journal},
  doi = {10.32614/RJ-2021-048},
  url = {https://doi.org/10.32614/RJ-2021-048},
  pages = {208--227},
  volume = {13},
  number = {2},
}
@Article{R-RJ-2021-048,
  author = {Henrik Bengtsson},
  title = {A Unifying Framework for Parallel and Distributed Processing in R using Futures},
  year = {2021},
  journal = {The R Journal},
  doi = {10.32614/RJ-2021-048},
  url = {https://doi.org/10.32614/RJ-2021-048},
  pages = {208--227},
  volume = {13},
  number = {2},
}
@Article{R-RJ-2021-048,
  author = {Henrik Bengtsson},
  title = {A Unifying Framework for Parallel and Distributed Processing in R using Futures},
  year = {2021},
  journal = {The R Journal},
  doi = {10.32614/RJ-2021-048},
  url = {https://doi.org/10.32614/RJ-2021-048},
  pages = {208--227},
  volume = {13},
  number = {2},
}
@Article{R-RJ-2021-048,
  author = {Henrik Bengtsson},
  title = {A Unifying Framework for Parallel and Distributed Processing in R using Futures},
  year = {2021},
  journal = {The R Journal},
  doi = {10.32614/RJ-2021-048},
  url = {https://doi.org/10.32614/RJ-2021-048},
  pages = {208--227},
  volume = {13},
  number = {2},
}
@Article{R-RJ-2021-048,
  author = {Henrik Bengtsson},
  title = {A Unifying Framework for Parallel and Distributed Processing in R using Futures},
  year = {2021},
  journal = {The R Journal},
  doi = {10.32614/RJ-2021-048},
  url = {https://doi.org/10.32614/RJ-2021-048},
  pages = {208--227},
  volume = {13},
  number = {2},
}
@Article{R-RJ-2021-048,
  author = {Henrik Bengtsson},
  title = {A Unifying Framework for Parallel and Distributed Processing in R using Futures},
  year = {2021},
  journal = {The R Journal},
  doi = {10.32614/RJ-2021-048},
  url = {https://doi.org/10.32614/RJ-2021-048},
  pages = {208--227},
  volume = {13},
  number = {2},
}
@Article{R-RJ-2021-048,
  author = {Henrik Bengtsson},
  title = {A Unifying Framework for Parallel and Distributed Processing in R using Futures},
  year = {2021},
  journal = {The R Journal},
  doi = {10.32614/RJ-2021-048},
  url = {https://doi.org/10.32614/RJ-2021-048},
  pages = {208--227},
  volume = {13},
  number = {2},
}
@Article{R-RJ-2021-048,
  author = {Henrik Bengtsson},
  title = {A Unifying Framework for Parallel and Distributed Processing in R using Futures},
  year = {2021},
  journal = {The R Journal},
  doi = {10.32614/RJ-2021-048},
  url = {https://doi.org/10.32614/RJ-2021-048},
  pages = {208--227},
  volume = {13},
  number = {2},
}
@Article{R-RJ-2021-048,
  author = {Henrik Bengtsson},
  title = {A Unifying Framework for Parallel and Distributed Processing in R using Futures},
  year = {2021},
  journal = {The R Journal},
  doi = {10.32614/RJ-2021-048},
  url = {https://doi.org/10.32614/RJ-2021-048},
  pages = {208--227},
  volume = {13},
  number = {2},
}
@Article{R-RJ-2021-048,
  author = {Henrik Bengtsson},
  title = {A Unifying Framework for Parallel and Distributed Processing in R using Futures},
  year = {2021},
  journal = {The R Journal},
  doi = {10.32614/RJ-2021-048},
  url = {https://doi.org/10.32614/RJ-2021-048},
  pages = {208--227},
  volume = {13},
  number = {2},
}
@Article{R-RJ-2021-048,
  author = {Henrik Bengtsson},
  title = {A Unifying Framework for Parallel and Distributed Processing in R using Futures},
  year = {2021},
  journal = {The R Journal},
  doi = {10.32614/RJ-2021-048},
  url = {https://doi.org/10.32614/RJ-2021-048},
  pages = {208--227},
  volume = {13},
  number = {2},
}
@Article{R-RJ-2021-048,
  author = {Henrik Bengtsson},
  title = {A Unifying Framework for Parallel and Distributed Processing in R using Futures},
  year = {2021},
  journal = {The R Journal},
  doi = {10.32614/RJ-2021-048},
  url = {https://doi.org/10.32614/RJ-2021-048},
  pages = {208--227},
  volume = {13},
  number = {2},
}
@Article{R-RJ-2021-048,
  author = {Henrik Bengtsson},
  title = {A Unifying Framework for Parallel and Distributed Processing in R using Futures},
  year = {2021},
  journal = {The R Journal},
  doi = {10.32614/RJ-2021-048},
  url = {https://doi.org/10.32614/RJ-2021-048},
  pages = {208--227},
  volume = {13},
  number = {2},
}
@Article{R-RJ-2021-048,
  author = {Henrik Bengtsson},
  title = {A Unifying Framework for Parallel and Distributed Processing in R using Futures},
  year = {2021},
  journal = {The R Journal},
  doi = {10.32614/RJ-2021-048},
  url = {https://doi.org/10.32614/RJ-2021-048},
  pages = {208--227},
  volume = {13},
  number = {2},
}
@Article{R-RJ-2021-048,
  author = {Henrik Bengtsson},
  title = {A Unifying Framework for Parallel and Distributed Processing in R using Futures},
  year = {2021},
  journal = {The R Journal},
  doi = {10.32614/RJ-2021-048},
  url = {https://doi.org/10.32614/RJ-2021-048},
  pages = {208--227},
  volume = {13},
  number = {2},
}
@Article{R-RJ-2021-048,
  author = {Henrik Bengtsson},
  title = {A Unifying Framework for Parallel and Distributed Processing in R using Futures},
  year = {2021},
  journal = {The R Journal},
  doi = {10.32614/RJ-2021-048},
  url = {https://doi.org/10.32614/RJ-2021-048},
  pages = {208--227},
  volume = {13},
  number = {2},
}
@Article{R-RJ-2021-048,
  author = {Henrik Bengtsson},
  title = {A Unifying Framework for Parallel and Distributed Processing in R using Futures},
  year = {2021},
  journal = {The R Journal},
  doi = {10.32614/RJ-2021-048},
  url = {https://doi.org/10.32614/RJ-2021-048},
  pages = {208--227},
  volume = {13},
  number = {2},
}
@Article{R-RJ-2021-048,
  author = {Henrik Bengtsson},
  title = {A Unifying Framework for Parallel and Distributed Processing in R using Futures},
  year = {2021},
  journal = {The R Journal},
  doi = {10.32614/RJ-2021-048},
  url = {https://doi.org/10.32614/RJ-2021-048},
  pages = {208--227},
  volume = {13},
  number = {2},
}
@Article{R-RJ-2021-048,
  author = {Henrik Bengtsson},
  title = {A Unifying Framework for Parallel and Distributed Processing in R using Futures},
  year = {2021},
  journal = {The R Journal},
  doi = {10.32614/RJ-2021-048},
  url = {https://doi.org/10.32614/RJ-2021-048},
  pages = {208--227},
  volume = {13},
  number = {2},
}
@Article{R-RJ-2021-048,
  author = {Henrik Bengtsson},
  title = {A Unifying Framework for Parallel and Distributed Processing in R using Futures},
  year = {2021},
  journal = {The R Journal},
  doi = {10.32614/RJ-2021-048},
  url = {https://doi.org/10.32614/RJ-2021-048},
  pages = {208--227},
  volume = {13},
  number = {2},
}
@Article{R-RJ-2021-048,
  author = {Henrik Bengtsson},
  title = {A Unifying Framework for Parallel and Distributed Processing in R using Futures},
  year = {2021},
  journal = {The R Journal},
  doi = {10.32614/RJ-2021-048},
  url = {https://doi.org/10.32614/RJ-2021-048},
  pages = {208--227},
  volume = {13},
  number = {2},
}
@Article{R-RJ-2021-048,
  author = {Henrik Bengtsson},
  title = {A Unifying Framework for Parallel and Distributed Processing in R using Futures},
  year = {2021},
  journal = {The R Journal},
  doi = {10.32614/RJ-2021-048},
  url = {https://doi.org/10.32614/RJ-2021-048},
  pages = {208--227},
  volume = {13},
  number = {2},
}
@Article{R-RJ-2021-048,
  author = {Henrik Bengtsson},
  title = {A Unifying Framework for Parallel and Distributed Processing in R using Futures},
  year = {2021},
  journal = {The R Journal},
  doi = {10.32614/RJ-2021-048},
  url = {https://doi.org/10.32614/RJ-2021-048},
  pages = {208--227},
  volume = {13},
  number = {2},
}
@Article{R-RJ-2021-048,
  author = {Henrik Bengtsson},
  title = {A Unifying Framework for Parallel and Distributed Processing in R using Futures},
  year = {2021},
  journal = {The R Journal},
  doi = {10.32614/RJ-2021-048},
  url = {https://doi.org/10.32614/RJ-2021-048},
  pages = {208--227},
  volume = {13},
  number = {2},
}
@Article{R-RJ-2021-048,
  author = {Henrik Bengtsson},
  title = {A Unifying Framework for Parallel and Distributed Processing in R using Futures},
  year = {2021},
  journal = {The R Journal},
  doi = {10.32614/RJ-2021-048},
  url = {https://doi.org/10.32614/RJ-2021-048},
  pages = {208--227},
  volume = {13},
  number = {2},
}
@Article{R-RJ-2021-048,
  author = {Henrik Bengtsson},
  title = {A Unifying Framework for Parallel and Distributed Processing in R using Futures},
  year = {2021},
  journal = {The R Journal},
  doi = {10.32614/RJ-2021-048},
  url = {https://doi.org/10.32614/RJ-2021-048},
  pages = {208--227},
  volume = {13},
  number = {2},
}
@Article{R-RJ-2021-048,
  author = {Henrik Bengtsson},
  title = {A Unifying Framework for Parallel and Distributed Processing in R using Futures},
  year = {2021},
  journal = {The R Journal},
  doi = {10.32614/RJ-2021-048},
  url = {https://doi.org/10.32614/RJ-2021-048},
  pages = {208--227},
  volume = {13},
  number = {2},
}
@Article{R-RJ-2021-048,
  author = {Henrik Bengtsson},
  title = {A Unifying Framework for Parallel and Distributed Processing in R using Futures},
  year = {2021},
  journal = {The R Journal},
  doi = {10.32614/RJ-2021-048},
  url = {https://doi.org/10.32614/RJ-2021-048},
  pages = {208--227},
  volume = {13},
  number = {2},
}
@Article{R-RJ-2021-048,
  author = {Henrik Bengtsson},
  title = {A Unifying Framework for Parallel and Distributed Processing in R using Futures},
  year = {2021},
  journal = {The R Journal},
  doi = {10.32614/RJ-2021-048},
  url = {https://doi.org/10.32614/RJ-2021-048},
  pages = {208--227},
  volume = {13},
  number = {2},
}
@Article{R-RJ-2021-048,
  author = {Henrik Bengtsson},
  title = {A Unifying Framework for Parallel and Distributed Processing in R using Futures},
  year = {2021},
  journal = {The R Journal},
  doi = {10.32614/RJ-2021-048},
  url = {https://doi.org/10.32614/RJ-2021-048},
  pages = {208--227},
  volume = {13},
  number = {2},
}
@Article{R-RJ-2021-048,
  author = {Henrik Bengtsson},
  title = {A Unifying Framework for Parallel and Distributed Processing in R using Futures},
  year = {2021},
  journal = {The R Journal},
  doi = {10.32614/RJ-2021-048},
  url = {https://doi.org/10.32614/RJ-2021-048},
  pages = {208--227},
  volume = {13},
  number = {2},
}
@Article{R-RJ-2021-048,
  author = {Henrik Bengtsson},
  title = {A Unifying Framework for Parallel and Distributed Processing in R using Futures},
  year = {2021},
  journal = {The R Journal},
  doi = {10.32614/RJ-2021-048},
  url = {https://doi.org/10.32614/RJ-2021-048},
  pages = {208--227},
  volume = {13},
  number = {2},
}
@Article{R-RJ-2021-048,
  author = {Henrik Bengtsson},
  title = {A Unifying Framework for Parallel and Distributed Processing in R using Futures},
  year = {2021},
  journal = {The R Journal},
  doi = {10.32614/RJ-2021-048},
  url = {https://doi.org/10.32614/RJ-2021-048},
  pages = {208--227},
  volume = {13},
  number = {2},
}
@Article{R-RJ-2021-048,
  author = {Henrik Bengtsson},
  title = {A Unifying Framework for Parallel and Distributed Processing in R using Futures},
  year = {2021},
  journal = {The R Journal},
  doi = {10.32614/RJ-2021-048},
  url = {https://doi.org/10.32614/RJ-2021-048},
  pages = {208--227},
  volume = {13},
  number = {2},
}
@Article{R-RJ-2021-048,
  author = {Henrik Bengtsson},
  title = {A Unifying Framework for Parallel and Distributed Processing in R using Futures},
  year = {2021},
  journal = {The R Journal},
  doi = {10.32614/RJ-2021-048},
  url = {https://doi.org/10.32614/RJ-2021-048},
  pages = {208--227},
  volume = {13},
  number = {2},
}
@Article{R-RJ-2021-048,
  author = {Henrik Bengtsson},
  title = {A Unifying Framework for Parallel and Distributed Processing in R using Futures},
  year = {2021},
  journal = {The R Journal},
  doi = {10.32614/RJ-2021-048},
  url = {https://doi.org/10.32614/RJ-2021-048},
  pages = {208--227},
  volume = {13},
  number = {2},
}
@Article{R-RJ-2021-048,
  author = {Henrik Bengtsson},
  title = {A Unifying Framework for Parallel and Distributed Processing in R using Futures},
  year = {2021},
  journal = {The R Journal},
  doi = {10.32614/RJ-2021-048},
  url = {https://doi.org/10.32614/RJ-2021-048},
  pages = {208--227},
  volume = {13},
  number = {2},
}
@Article{R-RJ-2021-048,
  author = {Henrik Bengtsson},
  title = {A Unifying Framework for Parallel and Distributed Processing in R using Futures},
  year = {2021},
  journal = {The R Journal},
  doi = {10.32614/RJ-2021-048},
  url = {https://doi.org/10.32614/RJ-2021-048},
  pages = {208--227},
  volume = {13},
  number = {2},
}
@Article{R-RJ-2021-048,
  author = {Henrik Bengtsson},
  title = {A Unifying Framework for Parallel and Distributed Processing in R using Futures},
  year = {2021},
  journal = {The R Journal},
  doi = {10.32614/RJ-2021-048},
  url = {https://doi.org/10.32614/RJ-2021-048},
  pages = {208--227},
  volume = {13},
  number = {2},
}
@Article{R-RJ-2021-048,
  author = {Henrik Bengtsson},
  title = {A Unifying Framework for Parallel and Distributed Processing in R using Futures},
  year = {2021},
  journal = {The R Journal},
  doi = {10.32614/RJ-2021-048},
  url = {https://doi.org/10.32614/RJ-2021-048},
  pages = {208--227},
  volume = {13},
  number = {2},
}
@Article{R-RJ-2021-048,
  author = {Henrik Bengtsson},
  title = {A Unifying Framework for Parallel and Distributed Processing in R using Futures},
  year = {2021},
  journal = {The R Journal},
  doi = {10.32614/RJ-2021-048},
  url = {https://doi.org/10.32614/RJ-2021-048},
  pages = {208--227},
  volume = {13},
  number = {2},
}
@Article{R-RJ-2021-048,
  author = {Henrik Bengtsson},
  title = {A Unifying Framework for Parallel and Distributed Processing in R using Futures},
  year = {2021},
  journal = {The R Journal},
  doi = {10.32614/RJ-2021-048},
  url = {https://doi.org/10.32614/RJ-2021-048},
  pages = {208--227},
  volume = {13},
  number = {2},
}
@Article{R-RJ-2021-048,
  author = {Henrik Bengtsson},
  title = {A Unifying Framework for Parallel and Distributed Processing in R using Futures},
  year = {2021},
  journal = {The R Journal},
  doi = {10.32614/RJ-2021-048},
  url = {https://doi.org/10.32614/RJ-2021-048},
  pages = {208--227},
  volume = {13},
  number = {2},
}
@Article{R-RJ-2021-048,
  author = {Henrik Bengtsson},
  title = {A Unifying Framework for Parallel and Distributed Processing in R using Futures},
  year = {2021},
  journal = {The R Journal},
  doi = {10.32614/RJ-2021-048},
  url = {https://doi.org/10.32614/RJ-2021-048},
  pages = {208--227},
  volume = {13},
  number = {2},
}
@Article{R-RJ-2021-048,
  author = {Henrik Bengtsson},
  title = {A Unifying Framework for Parallel and Distributed Processing in R using Futures},
  year = {2021},
  journal = {The R Journal},
  doi = {10.32614/RJ-2021-048},
  url = {https://doi.org/10.32614/RJ-2021-048},
  pages = {208--227},
  volume = {13},
  number = {2},
}
@Article{R-RJ-2021-048,
  author = {Henrik Bengtsson},
  title = {A Unifying Framework for Parallel and Distributed Processing in R using Futures},
  year = {2021},
  journal = {The R Journal},
  doi = {10.32614/RJ-2021-048},
  url = {https://doi.org/10.32614/RJ-2021-048},
  pages = {208--227},
  volume = {13},
  number = {2},
}
@Article{R-RJ-2021-048,
  author = {Henrik Bengtsson},
  title = {A Unifying Framework for Parallel and Distributed Processing in R using Futures},
  year = {2021},
  journal = {The R Journal},
  doi = {10.32614/RJ-2021-048},
  url = {https://doi.org/10.32614/RJ-2021-048},
  pages = {208--227},
  volume = {13},
  number = {2},
}
@Article{R-RJ-2021-048,
  author = {Henrik Bengtsson},
  title = {A Unifying Framework for Parallel and Distributed Processing in R using Futures},
  year = {2021},
  journal = {The R Journal},
  doi = {10.32614/RJ-2021-048},
  url = {https://doi.org/10.32614/RJ-2021-048},
  pages = {208--227},
  volume = {13},
  number = {2},
}
@Article{R-RJ-2021-048,
  author = {Henrik Bengtsson},
  title = {A Unifying Framework for Parallel and Distributed Processing in R using Futures},
  year = {2021},
  journal = {The R Journal},
  doi = {10.32614/RJ-2021-048},
  url = {https://doi.org/10.32614/RJ-2021-048},
  pages = {208--227},
  volume = {13},
  number = {2},
}
@Article{R-RJ-2021-048,
  author = {Henrik Bengtsson},
  title = {A Unifying Framework for Parallel and Distributed Processing in R using Futures},
  year = {2021},
  journal = {The R Journal},
  doi = {10.32614/RJ-2021-048},
  url = {https://doi.org/10.32614/RJ-2021-048},
  pages = {208--227},
  volume = {13},
  number = {2},
}
@Article{R-RJ-2021-048,
  author = {Henrik Bengtsson},
  title = {A Unifying Framework for Parallel and Distributed Processing in R using Futures},
  year = {2021},
  journal = {The R Journal},
  doi = {10.32614/RJ-2021-048},
  url = {https://doi.org/10.32614/RJ-2021-048},
  pages = {208--227},
  volume = {13},
  number = {2},
}
@Article{R-RJ-2021-048,
  author = {Henrik Bengtsson},
  title = {A Unifying Framework for Parallel and Distributed Processing in R using Futures},
  year = {2021},
  journal = {The R Journal},
  doi = {10.32614/RJ-2021-048},
  url = {https://doi.org/10.32614/RJ-2021-048},
  pages = {208--227},
  volume = {13},
  number = {2},
}
@Article{R-RJ-2021-048,
  author = {Henrik Bengtsson},
  title = {A Unifying Framework for Parallel and Distributed Processing in R using Futures},
  year = {2021},
  journal = {The R Journal},
  doi = {10.32614/RJ-2021-048},
  url = {https://doi.org/10.32614/RJ-2021-048},
  pages = {208--227},
  volume = {13},
  number = {2},
}
@Manual{R-tinytable,
  title = {tinytable: Simple and Configurable Tables in 'HTML', 'LaTeX', 'Markdown',
'Word', 'PNG', 'PDF', and 'Typst' Formats},
  author = {Vincent Arel-Bundock},
  year = {2024},
  note = {R package version 0.3.0},
  url = {https://vincentarelbundock.github.io/tinytable/},
}
@Article{R-RJ-2021-048,
  author = {Henrik Bengtsson},
  title = {A Unifying Framework for Parallel and Distributed Processing in R using Futures},
  year = {2021},
  journal = {The R Journal},
  doi = {10.32614/RJ-2021-048},
  url = {https://doi.org/10.32614/RJ-2021-048},
  pages = {208--227},
  volume = {13},
  number = {2},
}
@Article{R-RJ-2021-048,
  author = {Henrik Bengtsson},
  title = {A Unifying Framework for Parallel and Distributed Processing in R using Futures},
  year = {2021},
  journal = {The R Journal},
  doi = {10.32614/RJ-2021-048},
  url = {https://doi.org/10.32614/RJ-2021-048},
  pages = {208--227},
  volume = {13},
  number = {2},
}
@Article{R-RJ-2021-048,
  author = {Henrik Bengtsson},
  title = {A Unifying Framework for Parallel and Distributed Processing in R using Futures},
  year = {2021},
  journal = {The R Journal},
  doi = {10.32614/RJ-2021-048},
  url = {https://doi.org/10.32614/RJ-2021-048},
  pages = {208--227},
  volume = {13},
  number = {2},
}
@Article{R-RJ-2021-048,
  author = {Henrik Bengtsson},
  title = {A Unifying Framework for Parallel and Distributed Processing in R using Futures},
  year = {2021},
  journal = {The R Journal},
  doi = {10.32614/RJ-2021-048},
  url = {https://doi.org/10.32614/RJ-2021-048},
  pages = {208--227},
  volume = {13},
  number = {2},
}
@Article{R-RJ-2021-048,
  author = {Henrik Bengtsson},
  title = {A Unifying Framework for Parallel and Distributed Processing in R using Futures},
  year = {2021},
  journal = {The R Journal},
  doi = {10.32614/RJ-2021-048},
  url = {https://doi.org/10.32614/RJ-2021-048},
  pages = {208--227},
  volume = {13},
  number = {2},
}
@Article{R-RJ-2021-048,
  author = {Henrik Bengtsson},
  title = {A Unifying Framework for Parallel and Distributed Processing in R using Futures},
  year = {2021},
  journal = {The R Journal},
  doi = {10.32614/RJ-2021-048},
  url = {https://doi.org/10.32614/RJ-2021-048},
  pages = {208--227},
  volume = {13},
  number = {2},
}
@Article{R-RJ-2021-048,
  author = {Henrik Bengtsson},
  title = {A Unifying Framework for Parallel and Distributed Processing in R using Futures},
  year = {2021},
  journal = {The R Journal},
  doi = {10.32614/RJ-2021-048},
  url = {https://doi.org/10.32614/RJ-2021-048},
  pages = {208--227},
  volume = {13},
  number = {2},
}
@Article{R-RJ-2021-048,
  author = {Henrik Bengtsson},
  title = {A Unifying Framework for Parallel and Distributed Processing in R using Futures},
  year = {2021},
  journal = {The R Journal},
  doi = {10.32614/RJ-2021-048},
  url = {https://doi.org/10.32614/RJ-2021-048},
  pages = {208--227},
  volume = {13},
  number = {2},
}
@Article{R-RJ-2021-048,
  author = {Henrik Bengtsson},
  title = {A Unifying Framework for Parallel and Distributed Processing in R using Futures},
  year = {2021},
  journal = {The R Journal},
  doi = {10.32614/RJ-2021-048},
  url = {https://doi.org/10.32614/RJ-2021-048},
  pages = {208--227},
  volume = {13},
  number = {2},
}
@Article{R-RJ-2021-048,
  author = {Henrik Bengtsson},
  title = {A Unifying Framework for Parallel and Distributed Processing in R using Futures},
  year = {2021},
  journal = {The R Journal},
  doi = {10.32614/RJ-2021-048},
  url = {https://doi.org/10.32614/RJ-2021-048},
  pages = {208--227},
  volume = {13},
  number = {2},
}
@Article{R-RJ-2021-048,
  author = {Henrik Bengtsson},
  title = {A Unifying Framework for Parallel and Distributed Processing in R using Futures},
  year = {2021},
  journal = {The R Journal},
  doi = {10.32614/RJ-2021-048},
  url = {https://doi.org/10.32614/RJ-2021-048},
  pages = {208--227},
  volume = {13},
  number = {2},
}
